@misc{gittutorial,
    author    = "Code School",
    title     = "Try Git: Git Tutorial",
    howpublished = "\url{https://try.github.io/levels/1/challenges/1}"
}

@misc{latextutorial,
    author    = "Claudio Vellage",
    title     = "LaTeX Tutorial",
    howpublished = "\url{https://www.latex-tutorial.com/tutorials/}"
}

@misc{mdtutorial,
    author    = "GitHub",
    title     = "Mastering Markdown",
    howpublished = "\url{https://guides.github.com/features/mastering-markdown/}"
}

@inproceedings{feliciano:icse2016,
    author = {Feliciano, Joseph and Storey, Margaret-Anne and Zagalsky, Alexey},
    title = {Student Experiences Using GitHub in Software Engineering Courses: A
             Case Study},
    booktitle = {Proceedings of the 38th International Conference on Software
                 Engineering Companion},
    year = {2016},
    pages = {422--431}
}

@misc{Application,
    Howpublished = {\url{http://quocirca.com/sites/default/files/reports/032008/134/Why%20Application%20Security%20is%20Crucial.pdf}},
    Title = "Why application security is crucial"
}

@misc{Standard,
    Howpublished = {\url{https://www.securecoding.cert.org/confluence/display/c/SEI+CERT+C+Coding+Standard}},
    Title = "SEI CERT C Coding Standard"
}